@Book{xie2015,
  title = {Dynamic Documents with {R} and knitr},
  author = {Yihui Xie},
  publisher = {Chapman and Hall/CRC},
  address = {Boca Raton, Florida},
  year = {2015},
  edition = {2nd},
  note = {ISBN 978-1498716963},
  url = {http://yihui.name/knitr/},
}

@book{slotine91book-applied,
  title={Applied nonlinear control},
  author={Slotine, Jean-Jacques E and Li, Weiping and others},
  volume={199},
  number={1},
  year={1991},
  publisher={Prentice hall Englewood Cliffs, NJ}
}

@book{bertsekas12book-dpocI,
  title={Dynamic programming and optimal control: Volume I},
  author={Bertsekas, Dimitri},
  volume={1},
  year={2012},
  publisher={Athena scientific}
}

@book{bernard19book-observer,
  title={Observer design for nonlinear systems},
  author={Bernard, Pauline},
  volume={479},
  year={2019},
  publisher={Springer}
}

@article{bernard22arc-observer,
  title={Observer design for continuous-time dynamical systems},
  author={Bernard, Pauline and Andrieu, Vincent and Astolfi, Daniele},
  journal={Annual Reviews in Control},
  year={2022},
  publisher={Elsevier}
}

@inproceedings{karagiannis05cdc-nonlinear,
  title={Nonlinear observer design using invariant manifolds and applications},
  author={Karagiannis, Dimitrios and Astolfi, Alessandro},
  booktitle={Proceedings of the 44th IEEE Conference on Decision and Control},
  pages={7775--7780},
  year={2005},
  organization={IEEE}
}

@article{astolfi03tac-immersion,
  title={Immersion and invariance: A new tool for stabilization and adaptive control of nonlinear systems},
  author={Astolfi, Alessandro and Ortega, Romeo},
  journal={IEEE Transactions on Automatic control},
  volume={48},
  number={4},
  pages={590--606},
  year={2003},
  publisher={IEEE}
}

@article{kalman61-new,
  title={New results in linear filtering and prediction theory},
  author={Kalman, Rudolph E and Bucy, Richard S},
  year={1961}
}

@article{besanccon96ejc-observer,
  title={Observer synthesis for a class of nonlinear control systems},
  author={Besan{\c{c}}on, Gildas and Bornard, Guy and Hammouri, Hassan},
  journal={European Journal of control},
  volume={2},
  number={3},
  pages={176--192},
  year={1996},
  publisher={Elsevier}
}

@inproceedings{hammouri90cdc-observer,
  title={Observer synthesis for state-affine systems},
  author={Hammouri, Hassan and de Leon Morales, Jesus},
  booktitle={29th IEEE Conference on Decision and Control},
  pages={784--785},
  year={1990},
  organization={IEEE}
}

@article{luenberger64-observer,
  title={Observing the state of a linear system},
  author={Luenberger, David G},
  journal={IEEE transactions on military electronics},
  volume={8},
  number={2},
  pages={74--80},
  year={1964},
  publisher={IEEE}
}

@article{kazantzis98scl-kkl,
  title={Nonlinear observer design using Lyapunov's auxiliary theorem},
  author={Kazantzis, Nikolaos and Kravaris, Costas},
  journal={Systems \& Control Letters},
  volume={34},
  number={5},
  pages={241--247},
  year={1998},
  publisher={Elsevier}
}

@inproceedings{miao23ll4dc-earning,
  title={Learning Robust State Observers using Neural ODEs},
  author={Miao, Keyan and Gatsis, Konstantinos},
  booktitle={Learning for Dynamics and Control Conference},
  pages={208--219},
  year={2023},
  organization={PMLR}
}

@inproceedings{niazi23lacc-earning,
  title={Learning-based design of Luenberger observers for autonomous nonlinear systems},
  author={Niazi, Muhammad Umar B and Cao, John and Sun, Xudong and Das, Amritam and Johansson, Karl Henrik},
  booktitle={2023 American Control Conference (ACC)},
  pages={3048--3055},
  year={2023},
  organization={IEEE}
}

@inproceedings{janny21cdc-deepkkl,
  title={Deep kkl: Data-driven output prediction for non-linear systems},
  author={Janny, Steeven and Andrieu, Vincent and Nadri, Madiha and Wolf, Christian},
  booktitle={2021 60th IEEE Conference on Decision and Control (CDC)},
  pages={4376--4381},
  year={2021},
  organization={IEEE}
}

@article{andrieu06sicopt-kkl,
  title={On the existence of a Kazantzis--Kravaris/Luenberger observer},
  author={Andrieu, Vincent and Praly, Laurent},
  journal={SIAM Journal on Control and Optimization},
  volume={45},
  number={2},
  pages={432--456},
  year={2006},
  publisher={SIAM}
}

@inproceedings{ebenbauer05cdc-polynomial,
  title={Polynomial feedback and observer design using nonquadratic Lyapunov functions},
  author={Ebenbauer, Christian and Renz, Jonathan and Allgower, F},
  booktitle={Proceedings of the 44th IEEE Conference on Decision and Control},
  pages={7587--7592},
  year={2005},
  organization={IEEE}
}

@article{vinograd57-inapplicability,
  title={Inapplicability of the method of characteristic exponents to the study of non-linear differential equations},
  author={Vinograd, Robert {\`E}lyukimovich},
  journal={Matematicheskii Sbornik},
  volume={83},
  number={4},
  pages={431--438},
  year={1957},
  publisher={Russian Academy of Sciences, Steklov Mathematical Institute of Russian~â€¦}
}

@book{chen1984book-linear,
  title={Linear system theory and design},
  author={Chen, Chi-Tsong},
  year={1984},
  publisher={Saunders college publishing}
}

@article{zhou1996book-robust,
  title={Robust and optimal control},
  author={Zhou, Kemin and Doyle, JC and Glover, Keither},
  journal={Control Engineering Practice},
  volume={4},
  number={8},
  pages={1189--1190},
  year={1996},
  publisher={Elsevier Science Publishing Company, Inc.}
}

@ARTICLE{davison1968tac-poleassign,
  author={Davison, E. and Wonham, W.},
  journal={IEEE Transactions on Automatic Control}, 
  title={On pole assignment in multivariable linear systems}, 
  year={1968},
  volume={13},
  number={6},
  pages={747-748},
  doi={10.1109/TAC.1968.1099056}}
@article{dawson23tro-safe,
  title={Safe control with learned certificates: A survey of neural lyapunov, barrier, and contraction methods for robotics and control},
  author={Dawson, Charles and Gao, Sicun and Fan, Chuchu},
  journal={IEEE Transactions on Robotics},
  year={2023},
  publisher={IEEE}
}

@book{blekherman12book-semidefinite,
  title={Semidefinite optimization and convex algebraic geometry},
  author={Blekherman, Grigoriy and Parrilo, Pablo A and Thomas, Rekha R},
  year={2012},
  publisher={SIAM}
}

@article{lasserre01siopt-global,
  title={Global optimization with polynomials and the problem of moments},
  author={Lasserre, Jean B},
  journal={SIAM Journal on optimization},
  volume={11},
  number={3},
  pages={796--817},
  year={2001},
  publisher={SIAM}
}

@article{yang22pami-certifiably,
  title={Certifiably optimal outlier-robust geometric perception: Semidefinite relaxations and scalable global optimization},
  author={Yang, Heng and Carlone, Luca},
  journal={IEEE transactions on pattern analysis and machine intelligence},
  volume={45},
  number={3},
  pages={2816--2834},
  year={2022},
  publisher={IEEE}
}

@book{lasserre09book-moments,
  title={Moments, positive polynomials and their applications},
  author={Lasserre, Jean Bernard},
  volume={1},
  year={2009},
  publisher={World Scientific}
}

@article{yang22mp-inexact,
  title={An inexact projected gradient method with rounding and lifting by nonlinear programming for solving rank-one semidefinite relaxation of polynomial optimization},
  author={Yang, Heng and Liang, Ling and Carlone, Luca and Toh, Kim-Chuan},
  journal={Mathematical Programming},
  pages={1--64},
  year={2022},
  publisher={Springer}
}

@book{magron23book-sparse,
  title={Sparse polynomial optimization: theory and practice},
  author={Magron, Victor and Wang, Jie},
  year={2023},
  publisher={World Scientific}
}

@book{nie23book-moment,
  title={Moment and Polynomial Optimization},
  author={Nie, Jiawang},
  year={2023},
  publisher={SIAM}
}

@article{wang22-nonnegative,
  title={Nonnegative polynomials and circuit polynomials},
  author={Wang, Jie},
  journal={SIAM Journal on Applied Algebra and Geometry},
  volume={6},
  number={2},
  pages={111--133},
  year={2022},
  publisher={SIAM}
}

@article{murray21mpc-signomial,
  title={Signomial and polynomial optimization via relative entropy and partial dualization},
  author={Murray, Riley and Chandrasekaran, Venkat and Wierman, Adam},
  journal={Mathematical Programming Computation},
  volume={13},
  pages={257--295},
  year={2021},
  publisher={Springer}
}

@article{arnold84ieee-generalized,
  title={Generalized eigenproblem algorithms and software for algebraic Riccati equations},
  author={Arnold, William F and Laub, Alan J},
  journal={Proceedings of the IEEE},
  volume={72},
  number={12},
  pages={1746--1754},
  year={1984},
  publisher={IEEE}
}

@article{saccon13tac-lie,
  title={Optimal control on Lie groups: The projection operator approach},
  author={Saccon, Alessandro and Hauser, John and Aguiar, A Pedro},
  journal={IEEE Transactions on Automatic Control},
  volume={58},
  number={9},
  pages={2230--2245},
  year={2013},
  publisher={IEEE}
}

@inproceedings{teng22cdc-lie,
  title={Lie algebraic cost function design for control on Lie groups},
  author={Teng, Sangli and Clark, William and Bloch, Anthony and Vasudevan, Ram and Ghaffari, Maani},
  booktitle={2022 IEEE 61st Conference on Decision and Control (CDC)},
  pages={1867--1874},
  year={2022},
  organization={IEEE}
}

@article{agarwal22book-reinforcement,
  title={Reinforcement learning: Theory and algorithms},
  author={Agarwal, Alekh and Jiang, Nan and Kakade, Sham M and Sun, Wen},
  journal={CS Dept., UW Seattle, Seattle, WA, USA, Tech. Rep},
  volume={32},
  year={2022}
}

@book{nocedal99book-numerical,
  title={Numerical optimization},
  author={Nocedal, Jorge and Wright, Stephen J},
  year={1999},
  publisher={Springer}
}

@article{bemporad02automatica-explicit,
  title={The explicit linear quadratic regulator for constrained systems},
  author={Bemporad, Alberto and Morari, Manfred and Dua, Vivek and Pistikopoulos, Efstratios N},
  journal={Automatica},
  volume={38},
  number={1},
  pages={3--20},
  year={2002},
  publisher={Elsevier}
}

@article{yang23arxiv-value,
  title={Value-Gradient Iteration with Quadratic Approximate Value Functions},
  author={Yang, Alan and Boyd, Stephen},
  journal={arXiv preprint arXiv:2307.07086},
  year={2023}
}

@article{levine17neurips-shallow,
  title={Shallow updates for deep reinforcement learning},
  author={Levine, Nir and Zahavy, Tom and Mankowitz, Daniel J and Tamar, Aviv and Mannor, Shie},
  journal={Advances in Neural Information Processing Systems},
  volume={30},
  year={2017}
}

@article{mnih15nature-dqn,
  title={Human-level control through deep reinforcement learning},
  author={Mnih, Volodymyr and Kavukcuoglu, Koray and Silver, David and Rusu, Andrei A and Veness, Joel and Bellemare, Marc G and Graves, Alex and Riedmiller, Martin and Fidjeland, Andreas K and Ostrovski, Georg and others},
  journal={nature},
  volume={518},
  number={7540},
  pages={529--533},
  year={2015},
  publisher={Nature Publishing Group}
}

@article{kelly17siam-trajopt,
  title={An introduction to trajectory optimization: How to do your own direct collocation},
  author={Kelly, Matthew},
  journal={SIAM Review},
  volume={59},
  number={4},
  pages={849--904},
  year={2017},
  publisher={SIAM}
}

@book{borrelli17book-mpc,
  title={Predictive control for linear and hybrid systems},
  author={Borrelli, Francesco and Bemporad, Alberto and Morari, Manfred},
  year={2017},
  publisher={Cambridge University Press}
}

@article{kolmanovsky98mpe-theory,
  title={Theory and computation of disturbance invariant sets for discrete-time linear systems},
  author={Kolmanovsky, Ilya and Gilbert, Elmer G and others},
  journal={Mathematical problems in engineering},
  volume={4},
  pages={317--367},
  year={1998},
  publisher={Hindawi}
}

@article{gilbert91tac-linear,
  title={Linear systems with state and control constraints: The theory and application of maximal output admissible sets},
  author={Gilbert, Elmer G and Tan, K Tin},
  journal={IEEE Transactions on Automatic control},
  volume={36},
  number={9},
  pages={1008--1020},
  year={1991},
  publisher={IEEE}
}

@article{bertsekas72tac-infinite,
  title={Infinite time reachability of state-space regions by using feedback control},
  author={Bertsekas, Dimitri},
  journal={IEEE Transactions on Automatic Control},
  volume={17},
  number={5},
  pages={604--613},
  year={1972},
  publisher={IEEE}
}

@article{sontag83sicopt-clf,
  title={A Lyapunov-like characterization of asymptotic controllability},
  author={Sontag, Eduardo D},
  journal={SIAM journal on control and optimization},
  volume={21},
  number={3},
  pages={462--471},
  year={1983},
  publisher={SIAM}
}

@inproceedings{dai23acc-convex,
  title={Convex synthesis and verification of control-Lyapunov and barrier functions with input constraints},
  author={Dai, Hongkai and Permenter, Frank},
  booktitle={2023 American Control Conference (ACC)},
  pages={4116--4123},
  year={2023},
  organization={IEEE}
}

@inproceedings{kang23cdc-verification,
  title={Verification and Synthesis of Robust Control Barrier Functions: Multilevel Polynomial Optimization and Semidefinite Relaxation},
  author={Kang, Shucheng and Chen, Yuxiao and Yang, Heng and Pavone, Marco},
  booktitle={2023 62nd IEEE Conference on Decision and Control (CDC)},
  year={2023}
}

@article{kalman60new,
  title={A new approach to linear filtering and prediction problems},
  author={Kalman, Rudolph Emil},
  year={1960}
}

@misc{thrun05book-probabilistic,
  title={Probabilistic robotics},
  author={Thrun, S and Burgard, W and Fox, D},
  year={2005},
  publisher={MIT Press}
}

@article{reif99tac-stochastic,
  title={Stochastic stability of the discrete-time extended Kalman filter},
  author={Reif, Konrad and Gunther, Stefan and Yaz, Engin and Unbehauen, Rolf},
  journal={IEEE Transactions on Automatic control},
  volume={44},
  number={4},
  pages={714--728},
  year={1999},
  publisher={IEEE}
}

@book{van04-sigma,
  title={Sigma-point Kalman filters for probabilistic inference in dynamic state-space models},
  author={Van Der Merwe, Rudolph},
  year={2004},
  publisher={Oregon Health \& Science University}
}

@article{yang13tac-feedback,
  title={Feedback particle filter},
  author={Yang, Tao and Mehta, Prashant G and Meyn, Sean P},
  journal={IEEE transactions on Automatic control},
  volume={58},
  number={10},
  pages={2465--2480},
  year={2013},
  publisher={IEEE}
}

@inproceedings{kearns2000bias,
  title={Bias-Variance Error Bounds for Temporal Difference Updates.},
  author={Kearns, Michael J and Singh, Satinder},
  booktitle={COLT},
  pages={142--147},
  year={2000}
}

@incollection{robbins1971convergence,
  title={A convergence theorem for non negative almost supermartingales and some applications},
  author={Robbins, Herbert and Siegmund, David},
  booktitle={Optimizing methods in statistics},
  pages={233--257},
  year={1971},
  publisher={Elsevier}
}

@article{mnih2015human,
  title={Human-level control through deep reinforcement learning},
  author={Mnih, Volodymyr and Kavukcuoglu, Koray and Silver, David and Rusu, Andrei A and Veness, Joel and Bellemare, Marc G and Graves, Alex and Riedmiller, Martin and Fidjeland, Andreas K and Ostrovski, Georg and others},
  journal={nature},
  volume={518},
  number={7540},
  pages={529--533},
  year={2015},
  publisher={Nature Publishing Group}
}

@inproceedings{fan2020theoretical,
  title={A theoretical analysis of deep Q-learning},
  author={Fan, Jianqing and Wang, Zhaoran and Xie, Yuchen and Yang, Zhuoran},
  booktitle={Learning for dynamics and control},
  pages={486--489},
  year={2020},
  organization={PMLR}
}

@inproceedings{riedmiller2005neural,
  title={Neural fitted Q iteration--first experiences with a data efficient neural reinforcement learning method},
  author={Riedmiller, Martin},
  booktitle={European conference on machine learning},
  pages={317--328},
  year={2005},
  organization={Springer}
}

@book{sutton1998reinforcement,
  title={Reinforcement learning: An introduction},
  author={Sutton, Richard S and Barto, Andrew G},
  volume={1},
  number={1},
  year={1998},
  publisher={MIT press Cambridge}
}

@inproceedings{baird1995residual,
  title={Residual algorithms: Reinforcement learning with function approximation},
  author={Baird, Leemon and others},
  booktitle={Proceedings of the twelfth international conference on machine learning},
  pages={30--37},
  year={1995}
}

@article{sutton2008convergent,
  title={A convergent O(n) algorithm for off-policy temporal-difference learning with linear function approximation},
  author={Sutton, Richard S and Szepesv{\'a}ri, Csaba and Maei, Hamid Reza},
  journal={Advances in neural information processing systems},
  volume={21},
  number={21},
  pages={1609--1616},
  year={2008},
  publisher={MIT Press}
}

@inproceedings{sutton2009fast,
  title={Fast gradient-descent methods for temporal-difference learning with linear function approximation},
  author={Sutton, Richard S and Maei, Hamid Reza and Precup, Doina and Bhatnagar, Shalabh and Silver, David and Szepesv{\'a}ri, Csaba and Wiewiora, Eric},
  booktitle={Proceedings of the 26th annual international conference on machine learning},
  pages={993--1000},
  year={2009}
}

@article{mahmood2015emphatic,
  title={Emphatic temporal-difference learning},
  author={Mahmood, A Rupam and Yu, Huizhen and White, Martha and Sutton, Richard S},
  journal={arXiv preprint arXiv:1507.01569},
  year={2015}
}

@article{antos2007fitted,
  title={Fitted Q-iteration in continuous action-space MDPs},
  author={Antos, Andr{\'a}s and Szepesv{\'a}ri, Csaba and Munos, R{\'e}mi},
  journal={Advances in neural information processing systems},
  volume={20},
  year={2007}
}

@article{munos2008finite,
  title={Finite-Time Bounds for Fitted Value Iteration.},
  author={Munos, R{\'e}mi and Szepesv{\'a}ri, Csaba},
  journal={Journal of Machine Learning Research},
  volume={9},
  number={5},
  year={2008}
}

@book{nesterov2018lectures,
  title={Lectures on convex optimization},
  author={Nesterov, Yurii},
  volume={137},
  year={2018},
  publisher={Springer}
}

@article{garrigos2023handbook,
  title={Handbook of convergence theorems for (stochastic) gradient methods},
  author={Garrigos, Guillaume and Gower, Robert M},
  journal={arXiv preprint arXiv:2301.11235},
  year={2023}
}

@article{barto2012neuronlike,
  title={Neuronlike adaptive elements that can solve difficult learning control problems},
  author={Barto, Andrew G and Sutton, Richard S and Anderson, Charles W},
  journal={IEEE transactions on systems, man, and cybernetics},
  number={5},
  pages={834--846},
  year={2012},
  publisher={IEEE}
}